@Book{sparse,
  author =       "Timothy A. Davis",
  title =        "Direct Methods for Sparse Linear Systems",
  publisher =    "SIAM",
  year =         "2006",
  series =       "Fundamentals of Algorithms",
  volume =       "2",
  ISBN =         "97-80898-716-1-3-9",
  DOI =          "10.1137/1.9780898718881",
}

@Book{linalg,
  author =       "Lloyd N. Trefethen and III David Bau",
  title =        "Numerical Linear Algebra",
  publisher =    "SIAM",
  year =         "1997",
  ISBN =         "97-80898-713-6-1-9",
  DOI =          "10.1137/1.9780898719574",
}

@Book{strogatzBook,
  author =       "Steven H. Strogatz",
  title =        "Nonlinear Dynamics and Chaos: With Applications to
                 Physics, Biology, Chemistry, and Engineering",
  publisher =    "Westview Press",
  year =         "2014",
  edition =      "2nd",
  ISBN =         "9780-8133-491-0-7",
}
